<?xml version="1.0" encoding="UTF-8"?><collection xmlns="http://www.loc.gov/MARC21/slim"><record><leader>00354nam--2200133-i-4500</leader><controlfield tag="001">000025696</controlfield><controlfield tag="002">20161230</controlfield><controlfield tag="005">20161230201036</controlfield><controlfield tag="008">060222s1000------------r-----000-0-eng-d</controlfield><datafield ind1=" " ind2=" " tag="080"><subfield code="a">621.039.577</subfield></datafield><datafield ind1=" " ind2=" " tag="100"><subfield code="a">Johnson, W.W. And Mcgee, D.A</subfield></datafield><datafield ind1=" " ind2=" " tag="245"><subfield code="a">Sodium system heating system</subfield></datafield><datafield ind1=" " ind2=" " tag="260"><subfield code="a">California, Atomics International, 1960. P.51-72</subfield></datafield><datafield ind1=" " ind2=" " tag="852"><subfield code="a">23783</subfield></datafield></record></collection>